@book{Sil,
	author    = {Jeffrey Hoffstein, Jill Pipher, J.H. Silverman},
	title     = {An Introduction to Mathe-
	matical Cryptography},
	publisher = {Springer},
	year      = {2008},
	isbn      = {},
	bibsource = {}
}
@book{Sil2,
	author    = {J.H. Silverman},
	title     = {The arithmetic of elliptic curves},
	publisher = {Springer},
	year      = {2009},
	isbn      = {978-0-387-09493-9}
}
@book{Stin,
	author    = {Douglas R. Stinson Maura B. Paterson},
	title     = {Cryptography theory and practice},
	publisher = {Chapman and Hall/CRC},
	year      = {2018},
	
}

@book{Coh1,
	author    = {Henri Cohen},
	title     = {Handbook of Elliptic and Hyperelliptic Curve Cryptography},
	publisher = {Chapman and Hall/CRC},
	year      = {2005},
	
}
@book{Coh2,
	author    = {Henri Cohen},
	title     = {A Course in Computational Algebraic Number Theory},
	publisher = {Springer},
	year      = {1993}
}
@article{Pra1,
	author = {Kushwaha, Prabhat and Mahalanobis, Ayan},
	year = {2017},
	title = {A Probabilistic Baby-Step Giant-Step Algorithm},
	doi = {10.5220/0006396304010406}
}
@article{Pra2,
	author    = {Michael John Jacobson Jr.,Prabhat Kushwaha},
	title     = {Removable weak keys for discrete logarithm-based cryptography},
	publisher = {Journal of Cryptographic Engineering},
	year      = {2020},
	DOI = {10.1007/s13389-020-00250-7}
}
@article{Mau,
	author = {Maurer, Ueli M. and Wolf, Stefan},
	title = {The Relationship Between Breaking the Diffie--Hellman Protocol and Computing Discrete Logarithms},
	journal = {SIAM Journal on Computing},
	year = {1999},
	DOI = {10.1137/S0097539796302749}
}
@article{CiJo,
author = {Mathieu Ciet,Marc Joye,Kristin Lauter and Peter L. Montgomery},
title = {Trading Inversions for Multiplications in
Elliptic Curve Cryptography},
journal = {Designs, Codes and Cryptography},
year = {2006},
DOI = {10.1007/s10623-005-3299-y}
}
@Online{repo,
	author = {Enrico Talotti},
	title = {Implicit-baby-step-giant-step-elliptic-curves},
	howpublished ={\url{https://github.com/enh11/Implicit-baby-step-giant-step-elliptic-curves}},
}
