@article{Pra2,
	author    = {Michael John Jacobson Jr.,Prabhat Kushwaha},
	title     = {Removable weak keys for discrete logarithm-based cryptography},
	publisher = {Journal of Cryptographic Engineering},
}
@article{Pra1,
	author = {Kushwaha, Prabhat and Mahalanobis, Ayan},
	title = {A Probabilistic Baby-Step Giant-Step Algorithm},
	year = {2017},
	doi = {10.5220/0006396304010406}
}

@Online{repo,
	author = {Enrico Talotti},
	title = {Elliptic curve},
	howpublished ={\url{https://github.com/enh11/elliptic_curves}},
}


